%YAML 1.1
%TAG !u! tag:unity3d.com,2011:
--- !u!1001 &100100000
Prefab:
  m_ObjectHideFlags: 1
  serializedVersion: 2
  m_Modification:
    m_TransformParent: {fileID: 0}
    m_Modifications: []
    m_RemovedComponents: []
  m_ParentPrefab: {fileID: 0}
  m_RootGameObject: {fileID: 1000011866682962}
  m_IsPrefabParent: 1
--- !u!1 &1000010257367274
GameObject:
  m_ObjectHideFlags: 0
  m_PrefabParentObject: {fileID: 0}
  m_PrefabInternal: {fileID: 100100000}
  serializedVersion: 4
  m_Component:
  - 4: {fileID: 4000011500682150}
  - 33: {fileID: 33000013935245898}
  - 135: {fileID: 135000011392762012}
  - 23: {fileID: 23000010304063544}
  m_Layer: 13
  m_Name: 
  m_TagString: Untagged
  m_Icon: {fileID: 0}
  m_NavMeshLayer: 0
  m_StaticEditorFlags: 0
  m_IsActive: 0
--- !u!1 &1000010393701974
GameObject:
  m_ObjectHideFlags: 0
  m_PrefabParentObject: {fileID: 0}
  m_PrefabInternal: {fileID: 100100000}
  serializedVersion: 4
  m_Component:
  - 4: {fileID: 4000013479739140}
  - 33: {fileID: 33000010167451160}
  - 135: {fileID: 135000011031397694}
  - 23: {fileID: 23000013952522152}
  m_Layer: 13
  m_Name: 
  m_TagString: Untagged
  m_Icon: {fileID: 0}
  m_NavMeshLayer: 0
  m_StaticEditorFlags: 0
  m_IsActive: 0
--- !u!1 &1000010645948480
GameObject:
  m_ObjectHideFlags: 0
  m_PrefabParentObject: {fileID: 0}
  m_PrefabInternal: {fileID: 100100000}
  serializedVersion: 4
  m_Component:
  - 4: {fileID: 4000013286868042}
  - 33: {fileID: 33000010074643782}
  - 136: {fileID: 136000011061230144}
  - 23: {fileID: 23000013881735506}
  m_Layer: 13
  m_Name: 
  m_TagString: Untagged
  m_Icon: {fileID: 0}
  m_NavMeshLayer: 0
  m_StaticEditorFlags: 0
  m_IsActive: 0
--- !u!1 &1000011661052570
GameObject:
  m_ObjectHideFlags: 0
  m_PrefabParentObject: {fileID: 0}
  m_PrefabInternal: {fileID: 100100000}
  serializedVersion: 4
  m_Component:
  - 4: {fileID: 4000010697039182}
  - 33: {fileID: 33000012129066954}
  - 135: {fileID: 135000010970324514}
  - 23: {fileID: 23000012507948838}
  - 114: {fileID: 114000013060987352}
  - 114: {fileID: 114000011487939696}
  - 114: {fileID: 114000012601860122}
  - 114: {fileID: 114000011128015758}
  - 114: {fileID: 114000013391544634}
  m_Layer: 13
  m_Name: 
  m_TagString: Untagged
  m_Icon: {fileID: 0}
  m_NavMeshLayer: 0
  m_StaticEditorFlags: 0
  m_IsActive: 0
--- !u!1 &1000011866682962
GameObject:
  m_ObjectHideFlags: 0
  m_PrefabParentObject: {fileID: 0}
  m_PrefabInternal: {fileID: 100100000}
  serializedVersion: 4
  m_Component:
  - 4: {fileID: 4000013353068112}
  - 33: {fileID: 33000010985435826}
  - 135: {fileID: 135000014294808114}
  - 23: {fileID: 23000010251724458}
  - 114: {fileID: 114000014249687308}
  - 54: {fileID: 54000012891501878}
  - 114: {fileID: 114000011976533668}
  - 136: {fileID: 136000014276272610}
  - 114: {fileID: 114000013362222928}
  - 114: {fileID: 114000012377311208}
  - 114: {fileID: 114000012763402940}
  - 114: {fileID: 114000014265775078}
  m_Layer: 13
  m_Name: DragonFlyB
  m_TagString: Untagged
  m_Icon: {fileID: 0}
  m_NavMeshLayer: 0
  m_StaticEditorFlags: 0
  m_IsActive: 0
--- !u!1 &1000012008251230
GameObject:
  m_ObjectHideFlags: 0
  m_PrefabParentObject: {fileID: 0}
  m_PrefabInternal: {fileID: 100100000}
  serializedVersion: 4
  m_Component:
  - 4: {fileID: 4000011093566484}
  - 33: {fileID: 33000010053864316}
  - 136: {fileID: 136000011523842784}
  - 23: {fileID: 23000010511008302}
  m_Layer: 13
  m_Name: 
  m_TagString: Untagged
  m_Icon: {fileID: 0}
  m_NavMeshLayer: 0
  m_StaticEditorFlags: 0
  m_IsActive: 0
--- !u!1 &1000012031572166
GameObject:
  m_ObjectHideFlags: 0
  m_PrefabParentObject: {fileID: 0}
  m_PrefabInternal: {fileID: 100100000}
  serializedVersion: 4
  m_Component:
  - 4: {fileID: 4000012373646410}
  - 54: {fileID: 54000014291084986}
  - 145: {fileID: 145000012739676868}
  m_Layer: 13
  m_Name: 
  m_TagString: Untagged
  m_Icon: {fileID: 0}
  m_NavMeshLayer: 0
  m_StaticEditorFlags: 0
  m_IsActive: 0
--- !u!1 &1000012883112706
GameObject:
  m_ObjectHideFlags: 0
  m_PrefabParentObject: {fileID: 0}
  m_PrefabInternal: {fileID: 100100000}
  serializedVersion: 4
  m_Component:
  - 4: {fileID: 4000013927856884}
  - 114: {fileID: 114000013154973952}
  - 95: {fileID: 95000013346712530}
  m_Layer: 13
  m_Name: 
  m_TagString: Untagged
  m_Icon: {fileID: 0}
  m_NavMeshLayer: 0
  m_StaticEditorFlags: 0
  m_IsActive: 0
--- !u!1 &1000012922963336
GameObject:
  m_ObjectHideFlags: 0
  m_PrefabParentObject: {fileID: 0}
  m_PrefabInternal: {fileID: 100100000}
  serializedVersion: 4
  m_Component:
  - 4: {fileID: 4000013614801464}
  - 33: {fileID: 33000012228420914}
  - 135: {fileID: 135000013316802824}
  - 23: {fileID: 23000011724059116}
  - 114: {fileID: 114000014013481182}
  - 114: {fileID: 114000011028562614}
  - 114: {fileID: 114000014217393876}
  - 114: {fileID: 114000013452002660}
  - 114: {fileID: 114000012287300298}
  m_Layer: 13
  m_Name: 
  m_TagString: Untagged
  m_Icon: {fileID: 0}
  m_NavMeshLayer: 0
  m_StaticEditorFlags: 0
  m_IsActive: 0
--- !u!1 &1000012936474760
GameObject:
  m_ObjectHideFlags: 0
  m_PrefabParentObject: {fileID: 0}
  m_PrefabInternal: {fileID: 100100000}
  serializedVersion: 4
  m_Component:
  - 4: {fileID: 4000011202729004}
  - 33: {fileID: 33000012385068550}
  - 136: {fileID: 136000013669618628}
  - 23: {fileID: 23000013822026418}
  m_Layer: 13
  m_Name: 
  m_TagString: Untagged
  m_Icon: {fileID: 0}
  m_NavMeshLayer: 0
  m_StaticEditorFlags: 0
  m_IsActive: 0
--- !u!1 &1000012973282774
GameObject:
  m_ObjectHideFlags: 0
  m_PrefabParentObject: {fileID: 0}
  m_PrefabInternal: {fileID: 100100000}
  serializedVersion: 4
  m_Component:
  - 4: {fileID: 4000014091321740}
  - 33: {fileID: 33000012885333528}
  - 23: {fileID: 23000013898649300}
  m_Layer: 13
  m_Name: 
  m_TagString: Untagged
  m_Icon: {fileID: 0}
  m_NavMeshLayer: 0
  m_StaticEditorFlags: 0
  m_IsActive: 0
--- !u!1 &1000013063361072
GameObject:
  m_ObjectHideFlags: 0
  m_PrefabParentObject: {fileID: 0}
  m_PrefabInternal: {fileID: 100100000}
  serializedVersion: 4
  m_Component:
  - 4: {fileID: 4000014219423990}
  - 33: {fileID: 33000012306008542}
  - 135: {fileID: 135000013227912600}
  - 23: {fileID: 23000010017814050}
  - 114: {fileID: 114000013776352930}
  - 114: {fileID: 114000012700358228}
  - 114: {fileID: 114000011770527650}
  - 114: {fileID: 114000013320135214}
  - 114: {fileID: 114000011865312910}
  m_Layer: 13
  m_Name: 
  m_TagString: Untagged
  m_Icon: {fileID: 0}
  m_NavMeshLayer: 0
  m_StaticEditorFlags: 0
  m_IsActive: 0
--- !u!1 &1000013082585146
GameObject:
  m_ObjectHideFlags: 0
  m_PrefabParentObject: {fileID: 0}
  m_PrefabInternal: {fileID: 100100000}
  serializedVersion: 4
  m_Component:
  - 4: {fileID: 4000011275819284}
  - 33: {fileID: 33000013050105516}
  - 135: {fileID: 135000013739465320}
  - 23: {fileID: 23000012850267358}
  - 114: {fileID: 114000014134039550}
  - 114: {fileID: 114000011031216760}
  - 114: {fileID: 114000012502139746}
  - 114: {fileID: 114000013684741558}
  - 114: {fileID: 114000011864065086}
  m_Layer: 13
  m_Name: 
  m_TagString: Untagged
  m_Icon: {fileID: 0}
  m_NavMeshLayer: 0
  m_StaticEditorFlags: 0
  m_IsActive: 0
--- !u!1 &1000013274274106
GameObject:
  m_ObjectHideFlags: 0
  m_PrefabParentObject: {fileID: 0}
  m_PrefabInternal: {fileID: 100100000}
  serializedVersion: 4
  m_Component:
  - 4: {fileID: 4000010239183592}
  - 114: {fileID: 114000012792407038}
  - 95: {fileID: 95000011556107286}
  m_Layer: 13
  m_Name: 
  m_TagString: Untagged
  m_Icon: {fileID: 0}
  m_NavMeshLayer: 0
  m_StaticEditorFlags: 0
  m_IsActive: 0
--- !u!1 &1000013569720482
GameObject:
  m_ObjectHideFlags: 0
  m_PrefabParentObject: {fileID: 0}
  m_PrefabInternal: {fileID: 100100000}
  serializedVersion: 4
  m_Component:
  - 4: {fileID: 4000012511163700}
  - 33: {fileID: 33000014249893850}
  - 23: {fileID: 23000013022605150}
  m_Layer: 13
  m_Name: 
  m_TagString: Untagged
  m_Icon: {fileID: 0}
  m_NavMeshLayer: 0
  m_StaticEditorFlags: 0
  m_IsActive: 0
--- !u!1 &1000013841931750
GameObject:
  m_ObjectHideFlags: 0
  m_PrefabParentObject: {fileID: 0}
  m_PrefabInternal: {fileID: 100100000}
  serializedVersion: 4
  m_Component:
  - 4: {fileID: 4000012574191886}
  - 33: {fileID: 33000013580115606}
  - 23: {fileID: 23000012923993374}
  - 114: {fileID: 114000010318921870}
  m_Layer: 13
  m_Name: 
  m_TagString: Untagged
  m_Icon: {fileID: 0}
  m_NavMeshLayer: 0
  m_StaticEditorFlags: 0
  m_IsActive: 0
--- !u!1 &1000013892827936
GameObject:
  m_ObjectHideFlags: 0
  m_PrefabParentObject: {fileID: 0}
  m_PrefabInternal: {fileID: 100100000}
  serializedVersion: 4
  m_Component:
  - 4: {fileID: 4000012811675868}
  - 33: {fileID: 33000011663145072}
  - 23: {fileID: 23000012246722506}
  m_Layer: 13
  m_Name: 
  m_TagString: Untagged
  m_Icon: {fileID: 0}
  m_NavMeshLayer: 0
  m_StaticEditorFlags: 0
  m_IsActive: 0
--- !u!1 &1000014156059484
GameObject:
  m_ObjectHideFlags: 0
  m_PrefabParentObject: {fileID: 0}
  m_PrefabInternal: {fileID: 100100000}
  serializedVersion: 4
  m_Component:
  - 4: {fileID: 4000010565162796}
  - 33: {fileID: 33000013274614720}
  - 23: {fileID: 23000010161514192}
  m_Layer: 13
  m_Name: 
  m_TagString: Untagged
  m_Icon: {fileID: 0}
  m_NavMeshLayer: 0
  m_StaticEditorFlags: 0
  m_IsActive: 0
--- !u!4 &4000010239183592
Transform:
  m_ObjectHideFlags: 1
  m_PrefabParentObject: {fileID: 0}
  m_PrefabInternal: {fileID: 100100000}
  m_GameObject: {fileID: 1000013274274106}
  m_LocalRotation: {x: -0, y: -0, z: -0, w: 1}
  m_LocalPosition: {x: -0.21165013, y: 0.25900006, z: -0.6220001}
  m_LocalScale: {x: 1, y: 1, z: 1}
  m_LocalEulerAnglesHint: {x: 0, y: 0, z: 33.480003}
  m_Children: []
  m_Father: {fileID: 4000013353068112}
  m_RootOrder: 12
--- !u!4 &4000010565162796
Transform:
  m_ObjectHideFlags: 1
  m_PrefabParentObject: {fileID: 0}
  m_PrefabInternal: {fileID: 100100000}
  m_GameObject: {fileID: 1000014156059484}
  m_LocalRotation: {x: -0, y: -0, z: -0, w: 1}
  m_LocalPosition: {x: 0.7070005, y: 0.25900006, z: -0.6220001}
  m_LocalScale: {x: 1.1900003, y: 0.06999999, z: 0.34999996}
  m_LocalEulerAnglesHint: {x: 0, y: 0, z: 0}
  m_Children: []
  m_Father: {fileID: 4000013353068112}
  m_RootOrder: 13
--- !u!4 &4000010697039182
Transform:
  m_ObjectHideFlags: 1
  m_PrefabParentObject: {fileID: 0}
  m_PrefabInternal: {fileID: 100100000}
  m_GameObject: {fileID: 1000011661052570}
  m_LocalRotation: {x: -0.19096404, y: -0.5477179, z: 0.017044067, w: 0.81439996}
  m_LocalPosition: {x: -0.3489995, y: 0.16300008, z: 0.16200006}
  m_LocalScale: {x: 0.5876503, y: 0.5876502, z: 0.17629507}
  m_LocalEulerAnglesHint: {x: -17, y: -70, z: 14.346001}
  m_Children: []
  m_Father: {fileID: 4000013353068112}
  m_RootOrder: 1
--- !u!4 &4000011093566484
Transform:
  m_ObjectHideFlags: 1
  m_PrefabParentObject: {fileID: 0}
  m_PrefabInternal: {fileID: 100100000}
  m_GameObject: {fileID: 1000012008251230}
  m_LocalRotation: {x: 0.86602545, y: -0, z: -0, w: 0.49999997}
  m_LocalPosition: {x: 0.008749962, y: 0.1478754, z: -2.5837512}
  m_LocalScale: {x: 0.175, y: 0.19140634, z: 0.19140634}
  m_LocalEulerAnglesHint: {x: 120, y: 0, z: 0}
  m_Children: []
  m_Father: {fileID: 4000013353068112}
  m_RootOrder: 8
--- !u!4 &4000011202729004
Transform:
  m_ObjectHideFlags: 1
  m_PrefabParentObject: {fileID: 0}
  m_PrefabInternal: {fileID: 100100000}
  m_GameObject: {fileID: 1000012936474760}
  m_LocalRotation: {x: -0.86602545, y: -0, z: -0, w: 0.49999997}
  m_LocalPosition: {x: 0.008749962, y: -0.097124875, z: -2.5986261}
  m_LocalScale: {x: 0.175, y: 0.19140634, z: 0.19140634}
  m_LocalEulerAnglesHint: {x: -120, y: 0, z: 0}
  m_Children: []
  m_Father: {fileID: 4000013353068112}
  m_RootOrder: 9
--- !u!4 &4000011275819284
Transform:
  m_ObjectHideFlags: 1
  m_PrefabParentObject: {fileID: 0}
  m_PrefabInternal: {fileID: 100100000}
  m_GameObject: {fileID: 1000013082585146}
  m_LocalRotation: {x: -0.0492974, y: 0.577955, z: 0.18527691, w: 0.7932278}
  m_LocalPosition: {x: 0.3489995, y: 0.16300008, z: 0.16200006}
  m_LocalScale: {x: 0.5876503, y: 0.58765036, z: 0.1762951}
  m_LocalEulerAnglesHint: {x: -17, y: 70, z: 14.346001}
  m_Children: []
  m_Father: {fileID: 4000013353068112}
  m_RootOrder: 3
--- !u!4 &4000011500682150
Transform:
  m_ObjectHideFlags: 1
  m_PrefabParentObject: {fileID: 0}
  m_PrefabInternal: {fileID: 100100000}
  m_GameObject: {fileID: 1000010257367274}
  m_LocalRotation: {x: -0, y: -0, z: -0, w: 1}
  m_LocalPosition: {x: 0, y: 0, z: -0.62619984}
  m_LocalScale: {x: 0.7, y: 0.7, z: 0.7}
  m_LocalEulerAnglesHint: {x: 0, y: 0, z: 0}
  m_Children: []
  m_Father: {fileID: 4000013353068112}
  m_RootOrder: 7
--- !u!4 &4000012373646410
Transform:
  m_ObjectHideFlags: 1
  m_PrefabParentObject: {fileID: 0}
  m_PrefabInternal: {fileID: 100100000}
  m_GameObject: {fileID: 1000012031572166}
  m_LocalRotation: {x: 0, y: 0, z: 0, w: 1}
  m_LocalPosition: {x: 0, y: 0, z: -0.174}
  m_LocalScale: {x: 0.7, y: 0.7, z: 0.7}
  m_LocalEulerAnglesHint: {x: 0, y: 0, z: 0}
  m_Children: []
  m_Father: {fileID: 4000013353068112}
  m_RootOrder: 15
--- !u!4 &4000012511163700
Transform:
  m_ObjectHideFlags: 1
  m_PrefabParentObject: {fileID: 0}
  m_PrefabInternal: {fileID: 100100000}
  m_GameObject: {fileID: 1000013569720482}
  m_LocalRotation: {x: 0.86602545, y: 0, z: 0, w: 0.49999994}
  m_LocalPosition: {x: 0, y: -0.171, z: 0.443}
  m_LocalScale: {x: 0.15, y: 0.15, z: 0.15}
  m_LocalEulerAnglesHint: {x: 120, y: 0, z: 0}
  m_Children: []
  m_Father: {fileID: 4000013353068112}
  m_RootOrder: 5
--- !u!4 &4000012574191886
Transform:
  m_ObjectHideFlags: 1
  m_PrefabParentObject: {fileID: 0}
  m_PrefabInternal: {fileID: 100100000}
  m_GameObject: {fileID: 1000013841931750}
  m_LocalRotation: {x: -1, y: -0, z: -0, w: 0}
  m_LocalPosition: {x: 0, y: 3.637, z: 0}
  m_LocalScale: {x: 1, y: 1, z: 1}
  m_LocalEulerAnglesHint: {x: -180, y: 0, z: 0}
  m_Children: []
  m_Father: {fileID: 4000013353068112}
  m_RootOrder: 16
--- !u!4 &4000012811675868
Transform:
  m_ObjectHideFlags: 1
  m_PrefabParentObject: {fileID: 0}
  m_PrefabInternal: {fileID: 100100000}
  m_GameObject: {fileID: 1000013892827936}
  m_LocalRotation: {x: -0, y: -0, z: -0, w: 1}
  m_LocalPosition: {x: -0.7070005, y: 0.25900006, z: -0.6220001}
  m_LocalScale: {x: 1.1900003, y: 0.06999999, z: 0.34999996}
  m_LocalEulerAnglesHint: {x: 0, y: 0, z: 0}
  m_Children: []
  m_Father: {fileID: 4000013353068112}
  m_RootOrder: 11
--- !u!4 &4000013286868042
Transform:
  m_ObjectHideFlags: 1
  m_PrefabParentObject: {fileID: 0}
  m_PrefabInternal: {fileID: 100100000}
  m_GameObject: {fileID: 1000010645948480}
  m_LocalRotation: {x: 0.7071068, y: -0, z: -0, w: 0.7071068}
  m_LocalPosition: {x: 0.008749962, y: -0.013999939, z: -1.6509998}
  m_LocalScale: {x: 0.4375, y: 0.87500113, z: 0.43750057}
  m_LocalEulerAnglesHint: {x: 90, y: 0, z: 0}
  m_Children: []
  m_Father: {fileID: 4000013353068112}
  m_RootOrder: 10
--- !u!4 &4000013353068112
Transform:
  m_ObjectHideFlags: 1
  m_PrefabParentObject: {fileID: 0}
  m_PrefabInternal: {fileID: 100100000}
  m_GameObject: {fileID: 1000011866682962}
  m_LocalRotation: {x: -0, y: 0.9215456, z: -0, w: 0.38827014}
  m_LocalPosition: {x: -4.93, y: 1.363, z: 1.27}
  m_LocalScale: {x: 0.8, y: 0.8, z: 0.8}
  m_LocalEulerAnglesHint: {x: 0, y: 134.181, z: 0}
  m_Children:
  - {fileID: 4000013614801464}
  - {fileID: 4000010697039182}
  - {fileID: 4000014219423990}
  - {fileID: 4000011275819284}
  - {fileID: 4000014091321740}
  - {fileID: 4000012511163700}
  - {fileID: 4000013479739140}
  - {fileID: 4000011500682150}
  - {fileID: 4000011093566484}
  - {fileID: 4000011202729004}
  - {fileID: 4000013286868042}
  - {fileID: 4000012811675868}
  - {fileID: 4000010239183592}
  - {fileID: 4000010565162796}
  - {fileID: 4000013927856884}
  - {fileID: 4000012373646410}
  - {fileID: 4000012574191886}
  m_Father: {fileID: 0}
  m_RootOrder: 0
--- !u!4 &4000013479739140
Transform:
  m_ObjectHideFlags: 1
  m_PrefabParentObject: {fileID: 0}
  m_PrefabInternal: {fileID: 100100000}
  m_GameObject: {fileID: 1000010393701974}
  m_LocalRotation: {x: -0, y: -0, z: -0, w: 1}
  m_LocalPosition: {x: 0, y: 0, z: -0.90900004}
  m_LocalScale: {x: 0.45500004, y: 0.45500004, z: 0.45500004}
  m_LocalEulerAnglesHint: {x: 0, y: 0, z: 0}
  m_Children: []
  m_Father: {fileID: 4000013353068112}
  m_RootOrder: 6
--- !u!4 &4000013614801464
Transform:
  m_ObjectHideFlags: 1
  m_PrefabParentObject: {fileID: 0}
  m_PrefabInternal: {fileID: 100100000}
  m_GameObject: {fileID: 1000012922963336}
  m_LocalRotation: {x: -0.37541896, y: -0.44003332, z: 0.28670985, w: 0.7636941}
  m_LocalPosition: {x: -0.356673, y: 0.22414759, z: 0.20483911}
  m_LocalScale: {x: 0.29952705, y: 0.5112078, z: 0.114849895}
  m_LocalEulerAnglesHint: {x: -1.57, y: 0.84, z: 40}
  m_Children: []
  m_Father: {fileID: 4000013353068112}
  m_RootOrder: 0
--- !u!4 &4000013927856884
Transform:
  m_ObjectHideFlags: 1
  m_PrefabParentObject: {fileID: 0}
  m_PrefabInternal: {fileID: 100100000}
  m_GameObject: {fileID: 1000012883112706}
  m_LocalRotation: {x: -0, y: -0, z: -0, w: 1}
  m_LocalPosition: {x: 0.21165013, y: 0.25900006, z: -0.6220001}
  m_LocalScale: {x: 1, y: 1, z: 1}
  m_LocalEulerAnglesHint: {x: 0, y: 0, z: 36.688324}
  m_Children: []
  m_Father: {fileID: 4000013353068112}
  m_RootOrder: 14
--- !u!4 &4000014091321740
Transform:
  m_ObjectHideFlags: 1
  m_PrefabParentObject: {fileID: 0}
  m_PrefabInternal: {fileID: 100100000}
  m_GameObject: {fileID: 1000012973282774}
  m_LocalRotation: {x: -0.7744338, y: -0, z: -0, w: 0.632655}
  m_LocalPosition: {x: 0, y: -0.025, z: 0.525}
  m_LocalScale: {x: 0.15, y: 0.15, z: 0.15}
  m_LocalEulerAnglesHint: {x: -101.531, y: 0, z: 0}
  m_Children: []
  m_Father: {fileID: 4000013353068112}
  m_RootOrder: 4
--- !u!4 &4000014219423990
Transform:
  m_ObjectHideFlags: 1
  m_PrefabParentObject: {fileID: 0}
  m_PrefabInternal: {fileID: 100100000}
  m_GameObject: {fileID: 1000013063361072}
  m_LocalRotation: {x: -0.40031993, y: 0.49438053, z: -0.24979477, w: 0.73002356}
  m_LocalPosition: {x: 0.3606522, y: 0.2235435, z: 0.19444585}
  m_LocalScale: {x: 0.29926133, y: 0.5044669, z: 0.12022555}
  m_LocalEulerAnglesHint: {x: -0.85700005, y: 8.08, z: -65.87}
  m_Children: []
  m_Father: {fileID: 4000013353068112}
  m_RootOrder: 2
--- !u!23 &23000010017814050
MeshRenderer:
  m_ObjectHideFlags: 1
  m_PrefabParentObject: {fileID: 0}
  m_PrefabInternal: {fileID: 100100000}
  m_GameObject: {fileID: 1000013063361072}
  m_Enabled: 1
  m_CastShadows: 1
  m_ReceiveShadows: 0
  m_MotionVectors: 0
  m_LightProbeUsage: 1
  m_ReflectionProbeUsage: 1
  m_Materials:
  - {fileID: 2100000, guid: f5fa6001c169a9f459f2caaaffacddd6, type: 2}
  m_SubsetIndices: 
  m_StaticBatchRoot: {fileID: 0}
  m_ProbeAnchor: {fileID: 0}
  m_LightProbeVolumeOverride: {fileID: 0}
  m_ScaleInLightmap: 1
  m_PreserveUVs: 1
  m_IgnoreNormalsForChartDetection: 0
  m_ImportantGI: 0
  m_SelectedWireframeHidden: 0
  m_MinimumChartSize: 4
  m_AutoUVMaxDistance: 0.5
  m_AutoUVMaxAngle: 89
  m_LightmapParameters: {fileID: 0}
  m_SortingLayerID: 0
  m_SortingOrder: 0
--- !u!23 &23000010161514192
MeshRenderer:
  m_ObjectHideFlags: 1
  m_PrefabParentObject: {fileID: 0}
  m_PrefabInternal: {fileID: 100100000}
  m_GameObject: {fileID: 1000014156059484}
  m_Enabled: 1
  m_CastShadows: 1
  m_ReceiveShadows: 0
  m_MotionVectors: 0
  m_LightProbeUsage: 1
  m_ReflectionProbeUsage: 1
  m_Materials:
  - {fileID: 2100000, guid: d2aa3643fbaa43249a7d38862d381ab1, type: 2}
  m_SubsetIndices: 
  m_StaticBatchRoot: {fileID: 0}
  m_ProbeAnchor: {fileID: 0}
  m_LightProbeVolumeOverride: {fileID: 0}
  m_ScaleInLightmap: 1
  m_PreserveUVs: 1
  m_IgnoreNormalsForChartDetection: 0
  m_ImportantGI: 0
  m_SelectedWireframeHidden: 0
  m_MinimumChartSize: 4
  m_AutoUVMaxDistance: 0.5
  m_AutoUVMaxAngle: 89
  m_LightmapParameters: {fileID: 0}
  m_SortingLayerID: 0
  m_SortingOrder: 0
--- !u!23 &23000010251724458
MeshRenderer:
  m_ObjectHideFlags: 1
  m_PrefabParentObject: {fileID: 0}
  m_PrefabInternal: {fileID: 100100000}
  m_GameObject: {fileID: 1000011866682962}
  m_Enabled: 1
  m_CastShadows: 1
  m_ReceiveShadows: 0
  m_MotionVectors: 0
  m_LightProbeUsage: 1
  m_ReflectionProbeUsage: 1
  m_Materials:
  - {fileID: 2100000, guid: d7b4eb4af2e673a4e9285c57b07833c2, type: 2}
  m_SubsetIndices: 
  m_StaticBatchRoot: {fileID: 0}
  m_ProbeAnchor: {fileID: 0}
  m_LightProbeVolumeOverride: {fileID: 0}
  m_ScaleInLightmap: 1
  m_PreserveUVs: 1
  m_IgnoreNormalsForChartDetection: 0
  m_ImportantGI: 0
  m_SelectedWireframeHidden: 0
  m_MinimumChartSize: 4
  m_AutoUVMaxDistance: 0.5
  m_AutoUVMaxAngle: 89
  m_LightmapParameters: {fileID: 0}
  m_SortingLayerID: 0
  m_SortingOrder: 0
--- !u!23 &23000010304063544
MeshRenderer:
  m_ObjectHideFlags: 1
  m_PrefabParentObject: {fileID: 0}
  m_PrefabInternal: {fileID: 100100000}
  m_GameObject: {fileID: 1000010257367274}
  m_Enabled: 1
  m_CastShadows: 1
  m_ReceiveShadows: 0
  m_MotionVectors: 0
  m_LightProbeUsage: 1
  m_ReflectionProbeUsage: 1
  m_Materials:
  - {fileID: 2100000, guid: d7b4eb4af2e673a4e9285c57b07833c2, type: 2}
  m_SubsetIndices: 
  m_StaticBatchRoot: {fileID: 0}
  m_ProbeAnchor: {fileID: 0}
  m_LightProbeVolumeOverride: {fileID: 0}
  m_ScaleInLightmap: 1
  m_PreserveUVs: 1
  m_IgnoreNormalsForChartDetection: 0
  m_ImportantGI: 0
  m_SelectedWireframeHidden: 0
  m_MinimumChartSize: 4
  m_AutoUVMaxDistance: 0.5
  m_AutoUVMaxAngle: 89
  m_LightmapParameters: {fileID: 0}
  m_SortingLayerID: 0
  m_SortingOrder: 0
--- !u!23 &23000010511008302
MeshRenderer:
  m_ObjectHideFlags: 1
  m_PrefabParentObject: {fileID: 0}
  m_PrefabInternal: {fileID: 100100000}
  m_GameObject: {fileID: 1000012008251230}
  m_Enabled: 1
  m_CastShadows: 1
  m_ReceiveShadows: 0
  m_MotionVectors: 0
  m_LightProbeUsage: 1
  m_ReflectionProbeUsage: 1
  m_Materials:
  - {fileID: 2100000, guid: f5fa6001c169a9f459f2caaaffacddd6, type: 2}
  m_SubsetIndices: 
  m_StaticBatchRoot: {fileID: 0}
  m_ProbeAnchor: {fileID: 0}
  m_LightProbeVolumeOverride: {fileID: 0}
  m_ScaleInLightmap: 1
  m_PreserveUVs: 1
  m_IgnoreNormalsForChartDetection: 0
  m_ImportantGI: 0
  m_SelectedWireframeHidden: 0
  m_MinimumChartSize: 4
  m_AutoUVMaxDistance: 0.5
  m_AutoUVMaxAngle: 89
  m_LightmapParameters: {fileID: 0}
  m_SortingLayerID: 0
  m_SortingOrder: 0
--- !u!23 &23000011724059116
MeshRenderer:
  m_ObjectHideFlags: 1
  m_PrefabParentObject: {fileID: 0}
  m_PrefabInternal: {fileID: 100100000}
  m_GameObject: {fileID: 1000012922963336}
  m_Enabled: 1
  m_CastShadows: 1
  m_ReceiveShadows: 0
  m_MotionVectors: 0
  m_LightProbeUsage: 1
  m_ReflectionProbeUsage: 1
  m_Materials:
  - {fileID: 2100000, guid: f5fa6001c169a9f459f2caaaffacddd6, type: 2}
  m_SubsetIndices: 
  m_StaticBatchRoot: {fileID: 0}
  m_ProbeAnchor: {fileID: 0}
  m_LightProbeVolumeOverride: {fileID: 0}
  m_ScaleInLightmap: 1
  m_PreserveUVs: 1
  m_IgnoreNormalsForChartDetection: 0
  m_ImportantGI: 0
  m_SelectedWireframeHidden: 0
  m_MinimumChartSize: 4
  m_AutoUVMaxDistance: 0.5
  m_AutoUVMaxAngle: 89
  m_LightmapParameters: {fileID: 0}
  m_SortingLayerID: 0
  m_SortingOrder: 0
--- !u!23 &23000012246722506
MeshRenderer:
  m_ObjectHideFlags: 1
  m_PrefabParentObject: {fileID: 0}
  m_PrefabInternal: {fileID: 100100000}
  m_GameObject: {fileID: 1000013892827936}
  m_Enabled: 1
  m_CastShadows: 1
  m_ReceiveShadows: 0
  m_MotionVectors: 0
  m_LightProbeUsage: 1
  m_ReflectionProbeUsage: 1
  m_Materials:
  - {fileID: 2100000, guid: d2aa3643fbaa43249a7d38862d381ab1, type: 2}
  m_SubsetIndices: 
  m_StaticBatchRoot: {fileID: 0}
  m_ProbeAnchor: {fileID: 0}
  m_LightProbeVolumeOverride: {fileID: 0}
  m_ScaleInLightmap: 1
  m_PreserveUVs: 1
  m_IgnoreNormalsForChartDetection: 0
  m_ImportantGI: 0
  m_SelectedWireframeHidden: 0
  m_MinimumChartSize: 4
  m_AutoUVMaxDistance: 0.5
  m_AutoUVMaxAngle: 89
  m_LightmapParameters: {fileID: 0}
  m_SortingLayerID: 0
  m_SortingOrder: 0
--- !u!23 &23000012507948838
MeshRenderer:
  m_ObjectHideFlags: 1
  m_PrefabParentObject: {fileID: 0}
  m_PrefabInternal: {fileID: 100100000}
  m_GameObject: {fileID: 1000011661052570}
  m_Enabled: 1
  m_CastShadows: 1
  m_ReceiveShadows: 0
  m_MotionVectors: 0
  m_LightProbeUsage: 1
  m_ReflectionProbeUsage: 1
  m_Materials:
  - {fileID: 2100000, guid: d2aa3643fbaa43249a7d38862d381ab1, type: 2}
  m_SubsetIndices: 
  m_StaticBatchRoot: {fileID: 0}
  m_ProbeAnchor: {fileID: 0}
  m_LightProbeVolumeOverride: {fileID: 0}
  m_ScaleInLightmap: 1
  m_PreserveUVs: 1
  m_IgnoreNormalsForChartDetection: 0
  m_ImportantGI: 0
  m_SelectedWireframeHidden: 0
  m_MinimumChartSize: 4
  m_AutoUVMaxDistance: 0.5
  m_AutoUVMaxAngle: 89
  m_LightmapParameters: {fileID: 0}
  m_SortingLayerID: 0
  m_SortingOrder: 0
--- !u!23 &23000012850267358
MeshRenderer:
  m_ObjectHideFlags: 1
  m_PrefabParentObject: {fileID: 0}
  m_PrefabInternal: {fileID: 100100000}
  m_GameObject: {fileID: 1000013082585146}
  m_Enabled: 1
  m_CastShadows: 1
  m_ReceiveShadows: 0
  m_MotionVectors: 0
  m_LightProbeUsage: 1
  m_ReflectionProbeUsage: 1
  m_Materials:
  - {fileID: 2100000, guid: d2aa3643fbaa43249a7d38862d381ab1, type: 2}
  m_SubsetIndices: 
  m_StaticBatchRoot: {fileID: 0}
  m_ProbeAnchor: {fileID: 0}
  m_LightProbeVolumeOverride: {fileID: 0}
  m_ScaleInLightmap: 1
  m_PreserveUVs: 1
  m_IgnoreNormalsForChartDetection: 0
  m_ImportantGI: 0
  m_SelectedWireframeHidden: 0
  m_MinimumChartSize: 4
  m_AutoUVMaxDistance: 0.5
  m_AutoUVMaxAngle: 89
  m_LightmapParameters: {fileID: 0}
  m_SortingLayerID: 0
  m_SortingOrder: 0
--- !u!23 &23000012923993374
MeshRenderer:
  m_ObjectHideFlags: 1
  m_PrefabParentObject: {fileID: 0}
  m_PrefabInternal: {fileID: 100100000}
  m_GameObject: {fileID: 1000013841931750}
  m_Enabled: 0
  m_CastShadows: 1
  m_ReceiveShadows: 1
  m_MotionVectors: 1
  m_LightProbeUsage: 1
  m_ReflectionProbeUsage: 1
  m_Materials:
  - {fileID: 2100000, guid: 0fd380b8ed9bc2148a1a59fe0923dbb1, type: 2}
  m_SubsetIndices: 
  m_StaticBatchRoot: {fileID: 0}
  m_ProbeAnchor: {fileID: 0}
  m_LightProbeVolumeOverride: {fileID: 0}
  m_ScaleInLightmap: 1
  m_PreserveUVs: 0
  m_IgnoreNormalsForChartDetection: 0
  m_ImportantGI: 0
  m_SelectedWireframeHidden: 0
  m_MinimumChartSize: 4
  m_AutoUVMaxDistance: 0.5
  m_AutoUVMaxAngle: 89
  m_LightmapParameters: {fileID: 0}
  m_SortingLayerID: 0
  m_SortingOrder: 0
--- !u!23 &23000013022605150
MeshRenderer:
  m_ObjectHideFlags: 1
  m_PrefabParentObject: {fileID: 0}
  m_PrefabInternal: {fileID: 100100000}
  m_GameObject: {fileID: 1000013569720482}
  m_Enabled: 1
  m_CastShadows: 1
  m_ReceiveShadows: 0
  m_MotionVectors: 0
  m_LightProbeUsage: 1
  m_ReflectionProbeUsage: 1
  m_Materials:
  - {fileID: 2100000, guid: f5fa6001c169a9f459f2caaaffacddd6, type: 2}
  m_SubsetIndices: 
  m_StaticBatchRoot: {fileID: 0}
  m_ProbeAnchor: {fileID: 0}
  m_LightProbeVolumeOverride: {fileID: 0}
  m_ScaleInLightmap: 1
  m_PreserveUVs: 0
  m_IgnoreNormalsForChartDetection: 0
  m_ImportantGI: 0
  m_SelectedWireframeHidden: 0
  m_MinimumChartSize: 4
  m_AutoUVMaxDistance: 0.5
  m_AutoUVMaxAngle: 89
  m_LightmapParameters: {fileID: 0}
  m_SortingLayerID: 0
  m_SortingOrder: 0
--- !u!23 &23000013822026418
MeshRenderer:
  m_ObjectHideFlags: 1
  m_PrefabParentObject: {fileID: 0}
  m_PrefabInternal: {fileID: 100100000}
  m_GameObject: {fileID: 1000012936474760}
  m_Enabled: 1
  m_CastShadows: 1
  m_ReceiveShadows: 0
  m_MotionVectors: 0
  m_LightProbeUsage: 1
  m_ReflectionProbeUsage: 1
  m_Materials:
  - {fileID: 2100000, guid: f5fa6001c169a9f459f2caaaffacddd6, type: 2}
  m_SubsetIndices: 
  m_StaticBatchRoot: {fileID: 0}
  m_ProbeAnchor: {fileID: 0}
  m_LightProbeVolumeOverride: {fileID: 0}
  m_ScaleInLightmap: 1
  m_PreserveUVs: 1
  m_IgnoreNormalsForChartDetection: 0
  m_ImportantGI: 0
  m_SelectedWireframeHidden: 0
  m_MinimumChartSize: 4
  m_AutoUVMaxDistance: 0.5
  m_AutoUVMaxAngle: 89
  m_LightmapParameters: {fileID: 0}
  m_SortingLayerID: 0
  m_SortingOrder: 0
--- !u!23 &23000013881735506
MeshRenderer:
  m_ObjectHideFlags: 1
  m_PrefabParentObject: {fileID: 0}
  m_PrefabInternal: {fileID: 100100000}
  m_GameObject: {fileID: 1000010645948480}
  m_Enabled: 1
  m_CastShadows: 1
  m_ReceiveShadows: 0
  m_MotionVectors: 0
  m_LightProbeUsage: 1
  m_ReflectionProbeUsage: 1
  m_Materials:
  - {fileID: 2100000, guid: d7b4eb4af2e673a4e9285c57b07833c2, type: 2}
  m_SubsetIndices: 
  m_StaticBatchRoot: {fileID: 0}
  m_ProbeAnchor: {fileID: 0}
  m_LightProbeVolumeOverride: {fileID: 0}
  m_ScaleInLightmap: 1
  m_PreserveUVs: 1
  m_IgnoreNormalsForChartDetection: 0
  m_ImportantGI: 0
  m_SelectedWireframeHidden: 0
  m_MinimumChartSize: 4
  m_AutoUVMaxDistance: 0.5
  m_AutoUVMaxAngle: 89
  m_LightmapParameters: {fileID: 0}
  m_SortingLayerID: 0
  m_SortingOrder: 0
--- !u!23 &23000013898649300
MeshRenderer:
  m_ObjectHideFlags: 1
  m_PrefabParentObject: {fileID: 0}
  m_PrefabInternal: {fileID: 100100000}
  m_GameObject: {fileID: 1000012973282774}
  m_Enabled: 1
  m_CastShadows: 1
  m_ReceiveShadows: 0
  m_MotionVectors: 0
  m_LightProbeUsage: 1
  m_ReflectionProbeUsage: 1
  m_Materials:
  - {fileID: 2100000, guid: f5fa6001c169a9f459f2caaaffacddd6, type: 2}
  m_SubsetIndices: 
  m_StaticBatchRoot: {fileID: 0}
  m_ProbeAnchor: {fileID: 0}
  m_LightProbeVolumeOverride: {fileID: 0}
  m_ScaleInLightmap: 1
  m_PreserveUVs: 0
  m_IgnoreNormalsForChartDetection: 0
  m_ImportantGI: 0
  m_SelectedWireframeHidden: 0
  m_MinimumChartSize: 4
  m_AutoUVMaxDistance: 0.5
  m_AutoUVMaxAngle: 89
  m_LightmapParameters: {fileID: 0}
  m_SortingLayerID: 0
  m_SortingOrder: 0
--- !u!23 &23000013952522152
MeshRenderer:
  m_ObjectHideFlags: 1
  m_PrefabParentObject: {fileID: 0}
  m_PrefabInternal: {fileID: 100100000}
  m_GameObject: {fileID: 1000010393701974}
  m_Enabled: 1
  m_CastShadows: 1
  m_ReceiveShadows: 0
  m_MotionVectors: 0
  m_LightProbeUsage: 1
  m_ReflectionProbeUsage: 1
  m_Materials:
  - {fileID: 2100000, guid: d2aa3643fbaa43249a7d38862d381ab1, type: 2}
  m_SubsetIndices: 
  m_StaticBatchRoot: {fileID: 0}
  m_ProbeAnchor: {fileID: 0}
  m_LightProbeVolumeOverride: {fileID: 0}
  m_ScaleInLightmap: 1
  m_PreserveUVs: 1
  m_IgnoreNormalsForChartDetection: 0
  m_ImportantGI: 0
  m_SelectedWireframeHidden: 0
  m_MinimumChartSize: 4
  m_AutoUVMaxDistance: 0.5
  m_AutoUVMaxAngle: 89
  m_LightmapParameters: {fileID: 0}
  m_SortingLayerID: 0
  m_SortingOrder: 0
--- !u!33 &33000010053864316
MeshFilter:
  m_ObjectHideFlags: 1
  m_PrefabParentObject: {fileID: 0}
  m_PrefabInternal: {fileID: 100100000}
  m_GameObject: {fileID: 1000012008251230}
  m_Mesh: {fileID: 10208, guid: 0000000000000000e000000000000000, type: 0}
--- !u!33 &33000010074643782
MeshFilter:
  m_ObjectHideFlags: 1
  m_PrefabParentObject: {fileID: 0}
  m_PrefabInternal: {fileID: 100100000}
  m_GameObject: {fileID: 1000010645948480}
  m_Mesh: {fileID: 10208, guid: 0000000000000000e000000000000000, type: 0}
--- !u!33 &33000010167451160
MeshFilter:
  m_ObjectHideFlags: 1
  m_PrefabParentObject: {fileID: 0}
  m_PrefabInternal: {fileID: 100100000}
  m_GameObject: {fileID: 1000010393701974}
  m_Mesh: {fileID: 10207, guid: 0000000000000000e000000000000000, type: 0}
--- !u!33 &33000010985435826
MeshFilter:
  m_ObjectHideFlags: 1
  m_PrefabParentObject: {fileID: 0}
  m_PrefabInternal: {fileID: 100100000}
  m_GameObject: {fileID: 1000011866682962}
  m_Mesh: {fileID: 10207, guid: 0000000000000000e000000000000000, type: 0}
--- !u!33 &33000011663145072
MeshFilter:
  m_ObjectHideFlags: 1
  m_PrefabParentObject: {fileID: 0}
  m_PrefabInternal: {fileID: 100100000}
  m_GameObject: {fileID: 1000013892827936}
  m_Mesh: {fileID: 10207, guid: 0000000000000000e000000000000000, type: 0}
--- !u!33 &33000012129066954
MeshFilter:
  m_ObjectHideFlags: 1
  m_PrefabParentObject: {fileID: 0}
  m_PrefabInternal: {fileID: 100100000}
  m_GameObject: {fileID: 1000011661052570}
  m_Mesh: {fileID: 10207, guid: 0000000000000000e000000000000000, type: 0}
--- !u!33 &33000012228420914
MeshFilter:
  m_ObjectHideFlags: 1
  m_PrefabParentObject: {fileID: 0}
  m_PrefabInternal: {fileID: 100100000}
  m_GameObject: {fileID: 1000012922963336}
  m_Mesh: {fileID: 10207, guid: 0000000000000000e000000000000000, type: 0}
--- !u!33 &33000012306008542
MeshFilter:
  m_ObjectHideFlags: 1
  m_PrefabParentObject: {fileID: 0}
  m_PrefabInternal: {fileID: 100100000}
  m_GameObject: {fileID: 1000013063361072}
  m_Mesh: {fileID: 10207, guid: 0000000000000000e000000000000000, type: 0}
--- !u!33 &33000012385068550
MeshFilter:
  m_ObjectHideFlags: 1
  m_PrefabParentObject: {fileID: 0}
  m_PrefabInternal: {fileID: 100100000}
  m_GameObject: {fileID: 1000012936474760}
  m_Mesh: {fileID: 10208, guid: 0000000000000000e000000000000000, type: 0}
--- !u!33 &33000012885333528
MeshFilter:
  m_ObjectHideFlags: 1
  m_PrefabParentObject: {fileID: 0}
  m_PrefabInternal: {fileID: 100100000}
  m_GameObject: {fileID: 1000012973282774}
  m_Mesh: {fileID: 10208, guid: 0000000000000000e000000000000000, type: 0}
--- !u!33 &33000013050105516
MeshFilter:
  m_ObjectHideFlags: 1
  m_PrefabParentObject: {fileID: 0}
  m_PrefabInternal: {fileID: 100100000}
  m_GameObject: {fileID: 1000013082585146}
  m_Mesh: {fileID: 10207, guid: 0000000000000000e000000000000000, type: 0}
--- !u!33 &33000013274614720
MeshFilter:
  m_ObjectHideFlags: 1
  m_PrefabParentObject: {fileID: 0}
  m_PrefabInternal: {fileID: 100100000}
  m_GameObject: {fileID: 1000014156059484}
  m_Mesh: {fileID: 10207, guid: 0000000000000000e000000000000000, type: 0}
--- !u!33 &33000013580115606
MeshFilter:
  m_ObjectHideFlags: 1
  m_PrefabParentObject: {fileID: 0}
  m_PrefabInternal: {fileID: 100100000}
  m_GameObject: {fileID: 1000013841931750}
  m_Mesh: {fileID: 4300000, guid: 9f14e685e295b44dcbf466508ad0a818, type: 2}
--- !u!33 &33000013935245898
MeshFilter:
  m_ObjectHideFlags: 1
  m_PrefabParentObject: {fileID: 0}
  m_PrefabInternal: {fileID: 100100000}
  m_GameObject: {fileID: 1000010257367274}
  m_Mesh: {fileID: 10207, guid: 0000000000000000e000000000000000, type: 0}
--- !u!33 &33000014249893850
MeshFilter:
  m_ObjectHideFlags: 1
  m_PrefabParentObject: {fileID: 0}
  m_PrefabInternal: {fileID: 100100000}
  m_GameObject: {fileID: 1000013569720482}
  m_Mesh: {fileID: 10208, guid: 0000000000000000e000000000000000, type: 0}
--- !u!54 &54000012891501878
Rigidbody:
  m_ObjectHideFlags: 1
  m_PrefabParentObject: {fileID: 0}
  m_PrefabInternal: {fileID: 100100000}
  m_GameObject: {fileID: 1000011866682962}
  serializedVersion: 2
  m_Mass: 1
  m_Drag: 0
  m_AngularDrag: 0.05
  m_UseGravity: 1
  m_IsKinematic: 0
  m_Interpolate: 0
  m_Constraints: 4
  m_CollisionDetection: 2
--- !u!54 &54000014291084986
Rigidbody:
  m_ObjectHideFlags: 1
  m_PrefabParentObject: {fileID: 0}
  m_PrefabInternal: {fileID: 100100000}
  m_GameObject: {fileID: 1000012031572166}
  serializedVersion: 2
  m_Mass: 1
  m_Drag: 0
  m_AngularDrag: 0.05
  m_UseGravity: 1
  m_IsKinematic: 0
  m_Interpolate: 0
  m_Constraints: 0
  m_CollisionDetection: 0
--- !u!95 &95000011556107286
Animator:
  serializedVersion: 3
  m_ObjectHideFlags: 1
  m_PrefabParentObject: {fileID: 0}
  m_PrefabInternal: {fileID: 100100000}
  m_GameObject: {fileID: 1000013274274106}
  m_Enabled: 1
  m_Avatar: {fileID: 0}
  m_Controller: {fileID: 9100000, guid: f736c2f1758612b41881dba32e9f1ce0, type: 2}
  m_CullingMode: 0
  m_UpdateMode: 0
  m_ApplyRootMotion: 0
  m_LinearVelocityBlending: 0
  m_WarningMessage: 
  m_HasTransformHierarchy: 1
  m_AllowConstantClipSamplingOptimization: 1
--- !u!95 &95000013346712530
Animator:
  serializedVersion: 3
  m_ObjectHideFlags: 1
  m_PrefabParentObject: {fileID: 0}
  m_PrefabInternal: {fileID: 100100000}
  m_GameObject: {fileID: 1000012883112706}
  m_Enabled: 1
  m_Avatar: {fileID: 0}
  m_Controller: {fileID: 9100000, guid: 283f7b6ace4ea3041b82057db85a4ae6, type: 2}
  m_CullingMode: 0
  m_UpdateMode: 0
  m_ApplyRootMotion: 0
  m_LinearVelocityBlending: 0
  m_WarningMessage: 
  m_HasTransformHierarchy: 1
  m_AllowConstantClipSamplingOptimization: 1
--- !u!114 &114000010318921870
MonoBehaviour:
  m_ObjectHideFlags: 1
  m_PrefabParentObject: {fileID: 0}
  m_PrefabInternal: {fileID: 100100000}
  m_GameObject: {fileID: 1000013841931750}
  m_Enabled: 1
  m_EditorHideFlags: 0
  m_Script: {fileID: 11500000, guid: af99d8dc7762a294fa4dbd0ec1763658, type: 3}
  m_Name: 
  m_EditorClassIdentifier: 
  speed: 3
  amplitudeY: 0.3
  frequency: 5
  offSetSin: 0
--- !u!114 &114000011028562614
MonoBehaviour:
  m_ObjectHideFlags: 1
  m_PrefabParentObject: {fileID: 0}
  m_PrefabInternal: {fileID: 100100000}
  m_GameObject: {fileID: 1000012922963336}
  m_Enabled: 0
  m_EditorHideFlags: 0
  m_Script: {fileID: 11500000, guid: b805edfabf994c74fb7febea3b880414, type: 3}
  m_Name: 
  m_EditorClassIdentifier: 
  speed: 0.18
  maxSpeed: 0.3
  phase: 0.06
  offset: {x: 0, y: 0, z: 0}
--- !u!114 &114000011031216760
MonoBehaviour:
  m_ObjectHideFlags: 1
  m_PrefabParentObject: {fileID: 0}
  m_PrefabInternal: {fileID: 100100000}
  m_GameObject: {fileID: 1000013082585146}
  m_Enabled: 0
  m_EditorHideFlags: 0
  m_Script: {fileID: 11500000, guid: b805edfabf994c74fb7febea3b880414, type: 3}
  m_Name: 
  m_EditorClassIdentifier: 
  speed: 0.18
  maxSpeed: 0.3
  phase: 0.06
  offset: {x: 0, y: 0, z: 0}
--- !u!114 &114000011128015758
MonoBehaviour:
  m_ObjectHideFlags: 1
  m_PrefabParentObject: {fileID: 0}
  m_PrefabInternal: {fileID: 100100000}
  m_GameObject: {fileID: 1000011661052570}
  m_Enabled: 0
  m_EditorHideFlags: 0
  m_Script: {fileID: 11500000, guid: e3b8e9511c693e342bc7bde77b27c739, type: 3}
  m_Name: 
  m_EditorClassIdentifier: 
  target: {fileID: 0}
  height: -0.2
  MoveSpeed: 2.5
  waveTimer: 1
  frequency: 20
  magnitude: 0.5
  timingOffSet: 1
  adjustSin: 3
  RotationSpeed: 50
  omegaX: 1
  amplitudeX: 10
--- !u!114 &114000011487939696
MonoBehaviour:
  m_ObjectHideFlags: 1
  m_PrefabParentObject: {fileID: 0}
  m_PrefabInternal: {fileID: 100100000}
  m_GameObject: {fileID: 1000011661052570}
  m_Enabled: 0
  m_EditorHideFlags: 0
  m_Script: {fileID: 11500000, guid: b805edfabf994c74fb7febea3b880414, type: 3}
  m_Name: 
  m_EditorClassIdentifier: 
  speed: 0.18
  maxSpeed: 0.3
  phase: 0.06
  offset: {x: 0, y: 0, z: 0}
--- !u!114 &114000011770527650
MonoBehaviour:
  m_ObjectHideFlags: 1
  m_PrefabParentObject: {fileID: 0}
  m_PrefabInternal: {fileID: 100100000}
  m_GameObject: {fileID: 1000013063361072}
  m_Enabled: 0
  m_EditorHideFlags: 0
  m_Script: {fileID: 11500000, guid: a315c1f30fa4a1b488184f6689b9cec2, type: 3}
  m_Name: 
  m_EditorClassIdentifier: 
  CanChase: 1
  ChaseSin: 1
  FlyLikeMove: 0
  target: {fileID: 0}
  amplitudeSin: 0
  speedMovement: 0.5
  speedFlyMovement: 0.19
  rotSpeed: 2
  chaseHeight: 1.5
  warningJumpHeight: 4
  MoveSpeed: 5
  chargeSpeed: 5
  chargeExcTime: 0.5
  preChargeDist: 5
  extraChargeDist: 5
  frequency: 20
  magnitude: 0.5
  lookTargetPos: {x: -1.5831175, y: 0, z: 4.5501556}
  offsetB: {x: -1.21, y: 1.75, z: 0.5466562}
  rotateToTarget: {x: 0, y: -0.16663209, z: -0, w: 0.9860192}
  followSine: {fileID: 0}
  OldRends: []
  NewRends: []
  flashColor: {r: 0, g: 0, b: 0, a: 0}
  material: {fileID: 0}
--- !u!114 &114000011864065086
MonoBehaviour:
  m_ObjectHideFlags: 1
  m_PrefabParentObject: {fileID: 0}
  m_PrefabInternal: {fileID: 100100000}
  m_GameObject: {fileID: 1000013082585146}
  m_Enabled: 0
  m_EditorHideFlags: 0
  m_Script: {fileID: 11500000, guid: 7fb87315064813146bbfd5a28fcb4c9d, type: 3}
  m_Name: 
  m_EditorClassIdentifier: 
  shouldFollow: 0
  rb: {fileID: 54000010287279822, guid: 0a7fd6aa4f718f9429cd0c7508c721ab, type: 2}
  target: {fileID: 0}
  speed: 2.5
  amplitude: 7
  frequency: 3
  offSetSinPhase: 0
--- !u!114 &114000011865312910
MonoBehaviour:
  m_ObjectHideFlags: 1
  m_PrefabParentObject: {fileID: 0}
  m_PrefabInternal: {fileID: 100100000}
  m_GameObject: {fileID: 1000013063361072}
  m_Enabled: 0
  m_EditorHideFlags: 0
  m_Script: {fileID: 11500000, guid: 7fb87315064813146bbfd5a28fcb4c9d, type: 3}
  m_Name: 
  m_EditorClassIdentifier: 
  shouldFollow: 0
  rb: {fileID: 54000010287279822, guid: 0a7fd6aa4f718f9429cd0c7508c721ab, type: 2}
  target: {fileID: 0}
  speed: 2.5
  amplitude: 7
  frequency: 3
  offSetSinPhase: 0
--- !u!114 &114000011976533668
MonoBehaviour:
  m_ObjectHideFlags: 1
  m_PrefabParentObject: {fileID: 0}
  m_PrefabInternal: {fileID: 100100000}
  m_GameObject: {fileID: 1000011866682962}
  m_Enabled: 0
  m_EditorHideFlags: 0
  m_Script: {fileID: 11500000, guid: 7fb87315064813146bbfd5a28fcb4c9d, type: 3}
  m_Name: 
  m_EditorClassIdentifier: 
  shouldFollow: 1
  rb: {fileID: 54000012891501878}
  target: {fileID: 0}
  speed: 1
  amplitude: 10
  frequency: 3
  offSetSinPhase: 2
--- !u!114 &114000012287300298
MonoBehaviour:
  m_ObjectHideFlags: 1
  m_PrefabParentObject: {fileID: 0}
  m_PrefabInternal: {fileID: 100100000}
  m_GameObject: {fileID: 1000012922963336}
  m_Enabled: 0
  m_EditorHideFlags: 0
  m_Script: {fileID: 11500000, guid: 7fb87315064813146bbfd5a28fcb4c9d, type: 3}
  m_Name: 
  m_EditorClassIdentifier: 
  shouldFollow: 0
  rb: {fileID: 54000010287279822, guid: 0a7fd6aa4f718f9429cd0c7508c721ab, type: 2}
  target: {fileID: 0}
  speed: 2.5
  amplitude: 7
  frequency: 3
  offSetSinPhase: 0
--- !u!114 &114000012377311208
MonoBehaviour:
  m_ObjectHideFlags: 1
  m_PrefabParentObject: {fileID: 0}
  m_PrefabInternal: {fileID: 100100000}
  m_GameObject: {fileID: 1000011866682962}
  m_Enabled: 1
  m_EditorHideFlags: 0
  m_Script: {fileID: 11500000, guid: 1303661d39582554ab4402d86d35d9bb, type: 3}
  m_Name: 
  m_EditorClassIdentifier: 
  isTouched: 0
  isNotColliding: 1
  targetImpacted: {fileID: 1000011866682962}
  juice: {fileID: 114000013362222928}
  generalTimerOn: 0.15
  onWallImpactFX: {fileID: 0}
  destroyFX: {fileID: 0}
  peerImpactFX: {fileID: 0}
--- !u!114 &114000012502139746
MonoBehaviour:
  m_ObjectHideFlags: 1
  m_PrefabParentObject: {fileID: 0}
  m_PrefabInternal: {fileID: 100100000}
  m_GameObject: {fileID: 1000013082585146}
  m_Enabled: 0
  m_EditorHideFlags: 0
  m_Script: {fileID: 11500000, guid: a315c1f30fa4a1b488184f6689b9cec2, type: 3}
  m_Name: 
  m_EditorClassIdentifier: 
  CanChase: 1
  ChaseSin: 1
  FlyLikeMove: 0
  target: {fileID: 0}
  amplitudeSin: 0
  speedMovement: 0.5
  speedFlyMovement: 0.19
  rotSpeed: 2
  chaseHeight: 1.5
  warningJumpHeight: 4
  MoveSpeed: 5
  chargeSpeed: 5
  chargeExcTime: 0.5
  preChargeDist: 5
  extraChargeDist: 5
  frequency: 20
  magnitude: 0.5
  lookTargetPos: {x: -1.5831175, y: 0, z: 4.5501556}
  offsetB: {x: -1.21, y: 1.75, z: 0.5466562}
  rotateToTarget: {x: 0, y: -0.16663209, z: -0, w: 0.9860192}
  followSine: {fileID: 0}
  OldRends: []
  NewRends: []
  flashColor: {r: 0, g: 0, b: 0, a: 0}
  material: {fileID: 0}
--- !u!114 &114000012601860122
MonoBehaviour:
  m_ObjectHideFlags: 1
  m_PrefabParentObject: {fileID: 0}
  m_PrefabInternal: {fileID: 100100000}
  m_GameObject: {fileID: 1000011661052570}
  m_Enabled: 0
  m_EditorHideFlags: 0
  m_Script: {fileID: 11500000, guid: a315c1f30fa4a1b488184f6689b9cec2, type: 3}
  m_Name: 
  m_EditorClassIdentifier: 
  CanChase: 1
  ChaseSin: 1
  FlyLikeMove: 0
  target: {fileID: 0}
  amplitudeSin: 0
  speedMovement: 0.5
  speedFlyMovement: 0.19
  rotSpeed: 2
  chaseHeight: 1.5
  warningJumpHeight: 4
  MoveSpeed: 5
  chargeSpeed: 5
  chargeExcTime: 0.5
  preChargeDist: 5
  extraChargeDist: 5
  frequency: 20
  magnitude: 0.5
  lookTargetPos: {x: -1.5831175, y: 0, z: 4.5501556}
  offsetB: {x: -1.21, y: 1.75, z: 0.5466562}
  rotateToTarget: {x: 0, y: -0.16663209, z: -0, w: 0.9860192}
  followSine: {fileID: 0}
  OldRends: []
  NewRends: []
  flashColor: {r: 0, g: 0, b: 0, a: 0}
  material: {fileID: 0}
--- !u!114 &114000012700358228
MonoBehaviour:
  m_ObjectHideFlags: 1
  m_PrefabParentObject: {fileID: 0}
  m_PrefabInternal: {fileID: 100100000}
  m_GameObject: {fileID: 1000013063361072}
  m_Enabled: 0
  m_EditorHideFlags: 0
  m_Script: {fileID: 11500000, guid: b805edfabf994c74fb7febea3b880414, type: 3}
  m_Name: 
  m_EditorClassIdentifier: 
  speed: 0.18
  maxSpeed: 0.3
  phase: 0.06
  offset: {x: 0, y: 0, z: 0}
--- !u!114 &114000012763402940
MonoBehaviour:
  m_ObjectHideFlags: 1
  m_PrefabParentObject: {fileID: 0}
  m_PrefabInternal: {fileID: 100100000}
  m_GameObject: {fileID: 1000011866682962}
  m_Enabled: 1
  m_EditorHideFlags: 0
  m_Script: {fileID: 11500000, guid: 89b46c5b781cafd489879f245de946d5, type: 3}
  m_Name: 
  m_EditorClassIdentifier: 
  LockMarker: {fileID: 23000012923993374}
--- !u!114 &114000012792407038
MonoBehaviour:
  m_ObjectHideFlags: 1
  m_PrefabParentObject: {fileID: 0}
  m_PrefabInternal: {fileID: 100100000}
  m_GameObject: {fileID: 1000013274274106}
  m_Enabled: 1
  m_EditorHideFlags: 0
  m_Script: {fileID: 11500000, guid: edbf96838e4ed084c9b39ab79feda045, type: 3}
  m_Name: 
  m_EditorClassIdentifier: 
  gizmosSize: 0.15
  gizmosColor: {r: 1, g: 0.92156863, b: 0.015686275, a: 1}
--- !u!114 &114000013060987352
MonoBehaviour:
  m_ObjectHideFlags: 1
  m_PrefabParentObject: {fileID: 0}
  m_PrefabInternal: {fileID: 100100000}
  m_GameObject: {fileID: 1000011661052570}
  m_Enabled: 0
  m_EditorHideFlags: 0
  m_Script: {fileID: 11500000, guid: 4d92f4730936e95439c54790fc5ef76c, type: 3}
  m_Name: 
  m_EditorClassIdentifier: 
  target: {fileID: 0}
  speed: 2
  amplitudeY: 0.5
  chase: 0
  chasePlayer: 1
--- !u!114 &114000013154973952
MonoBehaviour:
  m_ObjectHideFlags: 1
  m_PrefabParentObject: {fileID: 0}
  m_PrefabInternal: {fileID: 100100000}
  m_GameObject: {fileID: 1000012883112706}
  m_Enabled: 1
  m_EditorHideFlags: 0
  m_Script: {fileID: 11500000, guid: edbf96838e4ed084c9b39ab79feda045, type: 3}
  m_Name: 
  m_EditorClassIdentifier: 
  gizmosSize: 0.15
  gizmosColor: {r: 1, g: 0.92156863, b: 0.015686275, a: 1}
--- !u!114 &114000013320135214
MonoBehaviour:
  m_ObjectHideFlags: 1
  m_PrefabParentObject: {fileID: 0}
  m_PrefabInternal: {fileID: 100100000}
  m_GameObject: {fileID: 1000013063361072}
  m_Enabled: 0
  m_EditorHideFlags: 0
  m_Script: {fileID: 11500000, guid: e3b8e9511c693e342bc7bde77b27c739, type: 3}
  m_Name: 
  m_EditorClassIdentifier: 
  target: {fileID: 0}
  height: -0.2
  MoveSpeed: 2.5
  waveTimer: 1
  frequency: 20
  magnitude: 0.5
  timingOffSet: 1
  adjustSin: 3
  RotationSpeed: 50
  omegaX: 1
  amplitudeX: 10
--- !u!114 &114000013362222928
MonoBehaviour:
  m_ObjectHideFlags: 1
  m_PrefabParentObject: {fileID: 0}
  m_PrefabInternal: {fileID: 100100000}
  m_GameObject: {fileID: 1000011866682962}
  m_Enabled: 1
  m_EditorHideFlags: 0
  m_Script: {fileID: 11500000, guid: 9d52171a1f343354084c69e9f3f5c87e, type: 3}
  m_Name: 
  m_EditorClassIdentifier: 
  scaleToEaseTypeOn: 22
  scaleToVecTargetOn: {x: 1.3, y: 1.3, z: 1.3}
  scaleToDurationOn: 0.5
  scaleToDelayOn: 0
  scaleToEaseTypeOff: 22
  scaleToVecTargetOff: {x: 0.8, y: 0.8, z: 0.8}
  scaleToDurationOff: 0.5
  scaleToDelayOff: 0
--- !u!114 &114000013391544634
MonoBehaviour:
  m_ObjectHideFlags: 1
  m_PrefabParentObject: {fileID: 0}
  m_PrefabInternal: {fileID: 100100000}
  m_GameObject: {fileID: 1000011661052570}
  m_Enabled: 0
  m_EditorHideFlags: 0
  m_Script: {fileID: 11500000, guid: 7fb87315064813146bbfd5a28fcb4c9d, type: 3}
  m_Name: 
  m_EditorClassIdentifier: 
  shouldFollow: 0
  rb: {fileID: 54000010287279822, guid: 0a7fd6aa4f718f9429cd0c7508c721ab, type: 2}
  target: {fileID: 0}
  speed: 2.5
  amplitude: 7
  frequency: 3
  offSetSinPhase: 0
--- !u!114 &114000013452002660
MonoBehaviour:
  m_ObjectHideFlags: 1
  m_PrefabParentObject: {fileID: 0}
  m_PrefabInternal: {fileID: 100100000}
  m_GameObject: {fileID: 1000012922963336}
  m_Enabled: 0
  m_EditorHideFlags: 0
  m_Script: {fileID: 11500000, guid: e3b8e9511c693e342bc7bde77b27c739, type: 3}
  m_Name: 
  m_EditorClassIdentifier: 
  target: {fileID: 0}
  height: -0.2
  MoveSpeed: 2.5
  waveTimer: 1
  frequency: 20
  magnitude: 0.5
  timingOffSet: 1
  adjustSin: 3
  RotationSpeed: 50
  omegaX: 1
  amplitudeX: 10
--- !u!114 &114000013684741558
MonoBehaviour:
  m_ObjectHideFlags: 1
  m_PrefabParentObject: {fileID: 0}
  m_PrefabInternal: {fileID: 100100000}
  m_GameObject: {fileID: 1000013082585146}
  m_Enabled: 0
  m_EditorHideFlags: 0
  m_Script: {fileID: 11500000, guid: e3b8e9511c693e342bc7bde77b27c739, type: 3}
  m_Name: 
  m_EditorClassIdentifier: 
  target: {fileID: 0}
  height: -0.2
  MoveSpeed: 2.5
  waveTimer: 1
  frequency: 20
  magnitude: 0.5
  timingOffSet: 1
  adjustSin: 3
  RotationSpeed: 50
  omegaX: 1
  amplitudeX: 10
--- !u!114 &114000013776352930
MonoBehaviour:
  m_ObjectHideFlags: 1
  m_PrefabParentObject: {fileID: 0}
  m_PrefabInternal: {fileID: 100100000}
  m_GameObject: {fileID: 1000013063361072}
  m_Enabled: 0
  m_EditorHideFlags: 0
  m_Script: {fileID: 11500000, guid: 4d92f4730936e95439c54790fc5ef76c, type: 3}
  m_Name: 
  m_EditorClassIdentifier: 
  target: {fileID: 0}
  speed: 2
  amplitudeY: 0.5
  chase: 0
  chasePlayer: 1
--- !u!114 &114000014013481182
MonoBehaviour:
  m_ObjectHideFlags: 1
  m_PrefabParentObject: {fileID: 0}
  m_PrefabInternal: {fileID: 100100000}
  m_GameObject: {fileID: 1000012922963336}
  m_Enabled: 0
  m_EditorHideFlags: 0
  m_Script: {fileID: 11500000, guid: 4d92f4730936e95439c54790fc5ef76c, type: 3}
  m_Name: 
  m_EditorClassIdentifier: 
  target: {fileID: 0}
  speed: 2
  amplitudeY: 0.5
  chase: 0
  chasePlayer: 1
--- !u!114 &114000014134039550
MonoBehaviour:
  m_ObjectHideFlags: 1
  m_PrefabParentObject: {fileID: 0}
  m_PrefabInternal: {fileID: 100100000}
  m_GameObject: {fileID: 1000013082585146}
  m_Enabled: 0
  m_EditorHideFlags: 0
  m_Script: {fileID: 11500000, guid: 4d92f4730936e95439c54790fc5ef76c, type: 3}
  m_Name: 
  m_EditorClassIdentifier: 
  target: {fileID: 0}
  speed: 2
  amplitudeY: 0.5
  chase: 0
  chasePlayer: 1
--- !u!114 &114000014217393876
MonoBehaviour:
  m_ObjectHideFlags: 1
  m_PrefabParentObject: {fileID: 0}
  m_PrefabInternal: {fileID: 100100000}
  m_GameObject: {fileID: 1000012922963336}
  m_Enabled: 0
  m_EditorHideFlags: 0
  m_Script: {fileID: 11500000, guid: a315c1f30fa4a1b488184f6689b9cec2, type: 3}
  m_Name: 
  m_EditorClassIdentifier: 
  CanChase: 1
  ChaseSin: 1
  FlyLikeMove: 0
  target: {fileID: 0}
  amplitudeSin: 0
  speedMovement: 0.5
  speedFlyMovement: 0.19
  rotSpeed: 2
  chaseHeight: 1.5
  warningJumpHeight: 4
  MoveSpeed: 5
  chargeSpeed: 5
  chargeExcTime: 0.5
  preChargeDist: 5
  extraChargeDist: 5
  frequency: 20
  magnitude: 0.5
  lookTargetPos: {x: -1.5831175, y: 0, z: 4.5501556}
  offsetB: {x: -1.21, y: 1.75, z: 0.5466562}
  rotateToTarget: {x: 0, y: -0.16663209, z: -0, w: 0.9860192}
  followSine: {fileID: 0}
  OldRends: []
  NewRends: []
  flashColor: {r: 0, g: 0, b: 0, a: 0}
  material: {fileID: 0}
--- !u!114 &114000014249687308
MonoBehaviour:
  m_ObjectHideFlags: 1
  m_PrefabParentObject: {fileID: 0}
  m_PrefabInternal: {fileID: 100100000}
  m_GameObject: {fileID: 1000011866682962}
  m_Enabled: 0
  m_EditorHideFlags: 0
  m_Script: {fileID: 11500000, guid: a315c1f30fa4a1b488184f6689b9cec2, type: 3}
  m_Name: 
  m_EditorClassIdentifier: 
  CanChase: 1
  ChaseSin: 1
  FlyLikeMove: 0
  target: {fileID: 0}
  amplitudeSin: 0
  speedMovement: 0.5
  speedFlyMovement: 0.19
  rotSpeed: 2
  chaseHeight: 1.5
  warningJumpHeight: 4
  MoveSpeed: 5
  chargeSpeed: 50
  chargeExcTime: 0.5
  preChargeDist: 5
  extraChargeDist: 5
  frequency: 20
  magnitude: 0.5
  lookTargetPos: {x: -1.5831175, y: 0, z: 4.5501556}
  offsetB: {x: -1.21, y: 1.75, z: 0.5466562}
  rotateToTarget: {x: 0, y: -0.16663209, z: -0, w: 0.9860192}
  followSine: {fileID: 114000011976533668}
  OldRends: []
  NewRends: []
  flashColor: {r: 0.9705882, g: 0.9705882, b: 0.9705882, a: 0}
  material: {fileID: 0}
--- !u!114 &114000014265775078
MonoBehaviour:
  m_ObjectHideFlags: 1
  m_PrefabParentObject: {fileID: 0}
  m_PrefabInternal: {fileID: 100100000}
  m_GameObject: {fileID: 1000011866682962}
  m_Enabled: 0
  m_EditorHideFlags: 0
  m_Script: {fileID: 11500000, guid: 63bef2db202560244abd6ad2077beffd, type: 3}
  m_Name: 
  m_EditorClassIdentifier: 
  Width: 0.05
  Height: 0.06
  Speed: 7
  BaseSize: 0.8
  BaseHeight: 0.025
  CanTurn: 0
  Angle: 360
  RotationSpeed: 5
--- !u!135 &135000010970324514
SphereCollider:
  m_ObjectHideFlags: 1
  m_PrefabParentObject: {fileID: 0}
  m_PrefabInternal: {fileID: 100100000}
  m_GameObject: {fileID: 1000011661052570}
  m_Material: {fileID: 0}
  m_IsTrigger: 0
  m_Enabled: 0
  serializedVersion: 2
  m_Radius: 0.5
  m_Center: {x: 0, y: 0, z: 0}
--- !u!135 &135000011031397694
SphereCollider:
  m_ObjectHideFlags: 1
  m_PrefabParentObject: {fileID: 0}
  m_PrefabInternal: {fileID: 100100000}
  m_GameObject: {fileID: 1000010393701974}
  m_Material: {fileID: 0}
  m_IsTrigger: 0
  m_Enabled: 0
  serializedVersion: 2
  m_Radius: 0.5
  m_Center: {x: 0, y: 0, z: 0}
--- !u!135 &135000011392762012
SphereCollider:
  m_ObjectHideFlags: 1
  m_PrefabParentObject: {fileID: 0}
  m_PrefabInternal: {fileID: 100100000}
  m_GameObject: {fileID: 1000010257367274}
  m_Material: {fileID: 0}
  m_IsTrigger: 0
  m_Enabled: 0
  serializedVersion: 2
  m_Radius: 0.5
  m_Center: {x: 0, y: 0, z: 0}
--- !u!135 &135000013227912600
SphereCollider:
  m_ObjectHideFlags: 1
  m_PrefabParentObject: {fileID: 0}
  m_PrefabInternal: {fileID: 100100000}
  m_GameObject: {fileID: 1000013063361072}
  m_Material: {fileID: 0}
  m_IsTrigger: 0
  m_Enabled: 0
  serializedVersion: 2
  m_Radius: 0.5
  m_Center: {x: 0, y: 0, z: 0}
--- !u!135 &135000013316802824
SphereCollider:
  m_ObjectHideFlags: 1
  m_PrefabParentObject: {fileID: 0}
  m_PrefabInternal: {fileID: 100100000}
  m_GameObject: {fileID: 1000012922963336}
  m_Material: {fileID: 0}
  m_IsTrigger: 0
  m_Enabled: 0
  serializedVersion: 2
  m_Radius: 0.5
  m_Center: {x: 0, y: 0, z: 0}
--- !u!135 &135000013739465320
SphereCollider:
  m_ObjectHideFlags: 1
  m_PrefabParentObject: {fileID: 0}
  m_PrefabInternal: {fileID: 100100000}
  m_GameObject: {fileID: 1000013082585146}
  m_Material: {fileID: 0}
  m_IsTrigger: 0
  m_Enabled: 0
  serializedVersion: 2
  m_Radius: 0.5
  m_Center: {x: 0, y: 0, z: 0}
--- !u!135 &135000014294808114
SphereCollider:
  m_ObjectHideFlags: 1
  m_PrefabParentObject: {fileID: 0}
  m_PrefabInternal: {fileID: 100100000}
  m_GameObject: {fileID: 1000011866682962}
  m_Material: {fileID: 0}
  m_IsTrigger: 0
  m_Enabled: 1
  serializedVersion: 2
  m_Radius: 0.6
  m_Center: {x: 0, y: 0, z: 0}
--- !u!136 &136000011061230144
CapsuleCollider:
  m_ObjectHideFlags: 1
  m_PrefabParentObject: {fileID: 0}
  m_PrefabInternal: {fileID: 100100000}
  m_GameObject: {fileID: 1000010645948480}
  m_Material: {fileID: 0}
  m_IsTrigger: 0
  m_Enabled: 0
  m_Radius: 0.5
  m_Height: 2
  m_Direction: 1
  m_Center: {x: 0, y: 0, z: 0}
--- !u!136 &136000011523842784
CapsuleCollider:
  m_ObjectHideFlags: 1
  m_PrefabParentObject: {fileID: 0}
  m_PrefabInternal: {fileID: 100100000}
  m_GameObject: {fileID: 1000012008251230}
  m_Material: {fileID: 0}
  m_IsTrigger: 0
  m_Enabled: 0
  m_Radius: 0.5
  m_Height: 2
  m_Direction: 1
  m_Center: {x: 0, y: 0, z: 0}
--- !u!136 &136000013669618628
CapsuleCollider:
  m_ObjectHideFlags: 1
  m_PrefabParentObject: {fileID: 0}
  m_PrefabInternal: {fileID: 100100000}
  m_GameObject: {fileID: 1000012936474760}
  m_Material: {fileID: 0}
  m_IsTrigger: 0
  m_Enabled: 0
  m_Radius: 0.5
  m_Height: 2
  m_Direction: 1
  m_Center: {x: 0, y: 0, z: 0}
--- !u!136 &136000014276272610
CapsuleCollider:
  m_ObjectHideFlags: 1
  m_PrefabParentObject: {fileID: 0}
  m_PrefabInternal: {fileID: 100100000}
  m_GameObject: {fileID: 1000011866682962}
  m_Material: {fileID: 0}
  m_IsTrigger: 0
  m_Enabled: 0
  m_Radius: 0.36
  m_Height: 2.9
  m_Direction: 2
  m_Center: {x: 0, y: 0, z: -0.75}
--- !u!145 &145000012739676868
SpringJoint:
  m_ObjectHideFlags: 1
  m_PrefabParentObject: {fileID: 0}
  m_PrefabInternal: {fileID: 100100000}
  m_GameObject: {fileID: 1000012031572166}
  m_ConnectedBody: {fileID: 54000012891501878}
  m_Anchor: {x: 0, y: 0.5, z: 0}
  m_AutoConfigureConnectedAnchor: 1
  m_ConnectedAnchor: {x: 0, y: 0.34999996, z: -0.17400026}
  serializedVersion: 2
  m_Spring: 250
  m_Damper: 0
  m_MinDistance: 0
  m_MaxDistance: 0
  m_Tolerance: 0.025
  m_BreakForce: Infinity
  m_BreakTorque: Infinity
  m_EnableCollision: 0
  m_EnablePreprocessing: 1
