%YAML 1.1
%TAG !u! tag:unity3d.com,2011:
--- !u!1001 &100100000
Prefab:
  m_ObjectHideFlags: 1
  serializedVersion: 2
  m_Modification:
    m_TransformParent: {fileID: 0}
    m_Modifications: []
    m_RemovedComponents: []
  m_ParentPrefab: {fileID: 0}
  m_RootGameObject: {fileID: 1000012637419430}
  m_IsPrefabParent: 1
--- !u!1 &1000011247442550
GameObject:
  m_ObjectHideFlags: 0
  m_PrefabParentObject: {fileID: 0}
  m_PrefabInternal: {fileID: 100100000}
  serializedVersion: 4
  m_Component:
  - 4: {fileID: 4000012505328048}
  - 33: {fileID: 33000010277577304}
  - 136: {fileID: 136000014123617380}
  - 23: {fileID: 23000011918960238}
  - 54: {fileID: 54000013050657180}
  - 153: {fileID: 153000011439367978}
  - 114: {fileID: 114000013496715984}
  m_Layer: 0
  m_Name: Capsule
  m_TagString: Enemy
  m_Icon: {fileID: 0}
  m_NavMeshLayer: 0
  m_StaticEditorFlags: 0
  m_IsActive: 1
--- !u!1 &1000011790590780
GameObject:
  m_ObjectHideFlags: 0
  m_PrefabParentObject: {fileID: 0}
  m_PrefabInternal: {fileID: 100100000}
  serializedVersion: 4
  m_Component:
  - 4: {fileID: 4000010170957362}
  - 23: {fileID: 23000011989531400}
  - 33: {fileID: 33000011378824214}
  - 114: {fileID: 114000010948336674}
  m_Layer: 0
  m_Name: GameObject
  m_TagString: Untagged
  m_Icon: {fileID: 0}
  m_NavMeshLayer: 0
  m_StaticEditorFlags: 0
  m_IsActive: 1
--- !u!1 &1000012637419430
GameObject:
  m_ObjectHideFlags: 0
  m_PrefabParentObject: {fileID: 0}
  m_PrefabInternal: {fileID: 100100000}
  serializedVersion: 4
  m_Component:
  - 4: {fileID: 4000010965377540}
  - 120: {fileID: 120000011400668248}
  - 114: {fileID: 114000010625429950}
  - 54: {fileID: 54000012627503826}
  m_Layer: 0
  m_Name: Tree
  m_TagString: Untagged
  m_Icon: {fileID: 0}
  m_NavMeshLayer: 0
  m_StaticEditorFlags: 0
  m_IsActive: 0
--- !u!4 &4000010170957362
Transform:
  m_ObjectHideFlags: 1
  m_PrefabParentObject: {fileID: 0}
  m_PrefabInternal: {fileID: 100100000}
  m_GameObject: {fileID: 1000011790590780}
  m_LocalRotation: {x: 0, y: 0, z: 0, w: 1}
  m_LocalPosition: {x: 0, y: -1.94, z: 0}
  m_LocalScale: {x: 1, y: 1, z: 1}
  m_LocalEulerAnglesHint: {x: 0, y: 0, z: 0}
  m_Children: []
  m_Father: {fileID: 4000010965377540}
  m_RootOrder: 1
--- !u!4 &4000010965377540
Transform:
  m_ObjectHideFlags: 1
  m_PrefabParentObject: {fileID: 0}
  m_PrefabInternal: {fileID: 100100000}
  m_GameObject: {fileID: 1000012637419430}
  m_LocalRotation: {x: -0, y: -0, z: -0, w: 1}
  m_LocalPosition: {x: 6.03, y: 2.24, z: -17.81}
  m_LocalScale: {x: 1.5, y: 1, z: 1.5}
  m_LocalEulerAnglesHint: {x: 0, y: 0, z: 0}
  m_Children:
  - {fileID: 4000012505328048}
  - {fileID: 4000010170957362}
  m_Father: {fileID: 0}
  m_RootOrder: 0
--- !u!4 &4000012505328048
Transform:
  m_ObjectHideFlags: 1
  m_PrefabParentObject: {fileID: 0}
  m_PrefabInternal: {fileID: 100100000}
  m_GameObject: {fileID: 1000011247442550}
  m_LocalRotation: {x: -0, y: -0, z: -0, w: 1}
  m_LocalPosition: {x: 0, y: 0.98, z: 0}
  m_LocalScale: {x: 1, y: 1, z: 1}
  m_LocalEulerAnglesHint: {x: 0, y: 0, z: 0}
  m_Children: []
  m_Father: {fileID: 4000010965377540}
  m_RootOrder: 0
--- !u!23 &23000011918960238
MeshRenderer:
  m_ObjectHideFlags: 1
  m_PrefabParentObject: {fileID: 0}
  m_PrefabInternal: {fileID: 100100000}
  m_GameObject: {fileID: 1000011247442550}
  m_Enabled: 1
  m_CastShadows: 1
  m_ReceiveShadows: 1
  m_MotionVectors: 1
  m_LightProbeUsage: 1
  m_ReflectionProbeUsage: 1
  m_Materials:
  - {fileID: 2100000, guid: f5fa6001c169a9f459f2caaaffacddd6, type: 2}
  m_SubsetIndices: 
  m_StaticBatchRoot: {fileID: 0}
  m_ProbeAnchor: {fileID: 0}
  m_LightProbeVolumeOverride: {fileID: 0}
  m_ScaleInLightmap: 1
  m_PreserveUVs: 1
  m_IgnoreNormalsForChartDetection: 0
  m_ImportantGI: 0
  m_SelectedWireframeHidden: 0
  m_MinimumChartSize: 4
  m_AutoUVMaxDistance: 0.5
  m_AutoUVMaxAngle: 89
  m_LightmapParameters: {fileID: 0}
  m_SortingLayerID: 0
  m_SortingOrder: 0
--- !u!23 &23000011989531400
MeshRenderer:
  m_ObjectHideFlags: 1
  m_PrefabParentObject: {fileID: 0}
  m_PrefabInternal: {fileID: 100100000}
  m_GameObject: {fileID: 1000011790590780}
  m_Enabled: 1
  m_CastShadows: 1
  m_ReceiveShadows: 1
  m_MotionVectors: 1
  m_LightProbeUsage: 1
  m_ReflectionProbeUsage: 1
  m_Materials:
  - {fileID: 2100000, guid: f5fa6001c169a9f459f2caaaffacddd6, type: 2}
  m_SubsetIndices: 
  m_StaticBatchRoot: {fileID: 0}
  m_ProbeAnchor: {fileID: 0}
  m_LightProbeVolumeOverride: {fileID: 0}
  m_ScaleInLightmap: 1
  m_PreserveUVs: 0
  m_IgnoreNormalsForChartDetection: 0
  m_ImportantGI: 0
  m_SelectedWireframeHidden: 0
  m_MinimumChartSize: 4
  m_AutoUVMaxDistance: 0.5
  m_AutoUVMaxAngle: 89
  m_LightmapParameters: {fileID: 0}
  m_SortingLayerID: 0
  m_SortingOrder: 0
--- !u!33 &33000010277577304
MeshFilter:
  m_ObjectHideFlags: 1
  m_PrefabParentObject: {fileID: 0}
  m_PrefabInternal: {fileID: 100100000}
  m_GameObject: {fileID: 1000011247442550}
  m_Mesh: {fileID: 10208, guid: 0000000000000000e000000000000000, type: 0}
--- !u!33 &33000011378824214
MeshFilter:
  m_ObjectHideFlags: 1
  m_PrefabParentObject: {fileID: 0}
  m_PrefabInternal: {fileID: 100100000}
  m_GameObject: {fileID: 1000011790590780}
  m_Mesh: {fileID: 10207, guid: 0000000000000000e000000000000000, type: 0}
--- !u!54 &54000012627503826
Rigidbody:
  m_ObjectHideFlags: 1
  m_PrefabParentObject: {fileID: 0}
  m_PrefabInternal: {fileID: 100100000}
  m_GameObject: {fileID: 1000012637419430}
  serializedVersion: 2
  m_Mass: 1
  m_Drag: 0
  m_AngularDrag: 0.05
  m_UseGravity: 0
  m_IsKinematic: 1
  m_Interpolate: 0
  m_Constraints: 126
  m_CollisionDetection: 0
--- !u!54 &54000013050657180
Rigidbody:
  m_ObjectHideFlags: 1
  m_PrefabParentObject: {fileID: 0}
  m_PrefabInternal: {fileID: 100100000}
  m_GameObject: {fileID: 1000011247442550}
  serializedVersion: 2
  m_Mass: 1
  m_Drag: 0
  m_AngularDrag: 0.05
  m_UseGravity: 1
  m_IsKinematic: 0
  m_Interpolate: 0
  m_Constraints: 4
  m_CollisionDetection: 0
--- !u!114 &114000010625429950
MonoBehaviour:
  m_ObjectHideFlags: 1
  m_PrefabParentObject: {fileID: 0}
  m_PrefabInternal: {fileID: 100100000}
  m_GameObject: {fileID: 1000012637419430}
  m_Enabled: 1
  m_EditorHideFlags: 0
  m_Script: {fileID: 11500000, guid: b17e1cba57c5aad4480b979048bc8769, type: 3}
  m_Name: 
  m_EditorClassIdentifier: 
  lineSegmentSize: 0.15
  lineWidth: 0.36
  showGizmos: 1
  gizmoSize: 0.1
  gizmoColor: {r: 1, g: 0, b: 0, a: 0.5}
--- !u!114 &114000010948336674
MonoBehaviour:
  m_ObjectHideFlags: 1
  m_PrefabParentObject: {fileID: 0}
  m_PrefabInternal: {fileID: 100100000}
  m_GameObject: {fileID: 1000011790590780}
  m_Enabled: 1
  m_EditorHideFlags: 0
  m_Script: {fileID: 11500000, guid: 76f30fe2b2f851648a8fde4ae00e3c24, type: 3}
  m_Name: 
  m_EditorClassIdentifier: 
  showGizmo: 1
  gizmoSize: 0.1
  gizmoColor: {r: 1, g: 0, b: 0, a: 0.5}
--- !u!114 &114000013496715984
MonoBehaviour:
  m_ObjectHideFlags: 1
  m_PrefabParentObject: {fileID: 0}
  m_PrefabInternal: {fileID: 100100000}
  m_GameObject: {fileID: 1000011247442550}
  m_Enabled: 1
  m_EditorHideFlags: 0
  m_Script: {fileID: 11500000, guid: 76f30fe2b2f851648a8fde4ae00e3c24, type: 3}
  m_Name: 
  m_EditorClassIdentifier: 
  showGizmo: 1
  gizmoSize: 0.1
  gizmoColor: {r: 1, g: 0, b: 0, a: 0.5}
--- !u!120 &120000011400668248
LineRenderer:
  m_ObjectHideFlags: 1
  m_PrefabParentObject: {fileID: 0}
  m_PrefabInternal: {fileID: 100100000}
  m_GameObject: {fileID: 1000012637419430}
  m_Enabled: 1
  m_CastShadows: 1
  m_ReceiveShadows: 1
  m_MotionVectors: 1
  m_LightProbeUsage: 0
  m_ReflectionProbeUsage: 0
  m_Materials:
  - {fileID: 2100000, guid: f5fa6001c169a9f459f2caaaffacddd6, type: 2}
  m_SubsetIndices: 
  m_StaticBatchRoot: {fileID: 0}
  m_ProbeAnchor: {fileID: 0}
  m_LightProbeVolumeOverride: {fileID: 0}
  m_ScaleInLightmap: 1
  m_PreserveUVs: 0
  m_IgnoreNormalsForChartDetection: 0
  m_ImportantGI: 0
  m_SelectedWireframeHidden: 0
  m_MinimumChartSize: 4
  m_AutoUVMaxDistance: 0.5
  m_AutoUVMaxAngle: 89
  m_LightmapParameters: {fileID: 0}
  m_SortingLayerID: 0
  m_SortingOrder: 0
  m_Positions:
  - {x: 6.03, y: 3.22, z: -17.81}
  - {x: 6.03, y: 3.066316, z: -17.81}
  - {x: 6.03, y: 2.9126315, z: -17.81}
  - {x: 6.03, y: 2.7589474, z: -17.81}
  - {x: 6.03, y: 2.6052632, z: -17.81}
  - {x: 6.03, y: 2.4515789, z: -17.81}
  - {x: 6.03, y: 2.2978947, z: -17.81}
  - {x: 6.03, y: 2.1442106, z: -17.81}
  - {x: 6.03, y: 1.9905263, z: -17.81}
  - {x: 6.03, y: 1.8368421, z: -17.81}
  - {x: 6.03, y: 1.6831578, z: -17.81}
  - {x: 6.03, y: 1.5294737, z: -17.81}
  - {x: 6.03, y: 1.3757895, z: -17.81}
  - {x: 6.03, y: 1.2221051, z: -17.81}
  - {x: 6.03, y: 1.0684211, z: -17.81}
  - {x: 6.03, y: 0.91473675, z: -17.81}
  - {x: 6.03, y: 0.7610526, z: -17.81}
  - {x: 6.03, y: 0.60736847, z: -17.81}
  - {x: 6.03, y: 0.4536841, z: -17.81}
  - {x: 6.03, y: 0.29999995, z: -17.81}
  m_Parameters:
    startWidth: 0.36
    endWidth: 0.36
    m_StartColor:
      serializedVersion: 2
      rgba: 4294967295
    m_EndColor:
      serializedVersion: 2
      rgba: 4294967295
  m_UseWorldSpace: 1
--- !u!136 &136000014123617380
CapsuleCollider:
  m_ObjectHideFlags: 1
  m_PrefabParentObject: {fileID: 0}
  m_PrefabInternal: {fileID: 100100000}
  m_GameObject: {fileID: 1000011247442550}
  m_Material: {fileID: 0}
  m_IsTrigger: 0
  m_Enabled: 1
  m_Radius: 0.5
  m_Height: 2
  m_Direction: 1
  m_Center: {x: 0, y: 0, z: 0}
--- !u!153 &153000011439367978
ConfigurableJoint:
  m_ObjectHideFlags: 1
  m_PrefabParentObject: {fileID: 0}
  m_PrefabInternal: {fileID: 100100000}
  m_GameObject: {fileID: 1000011247442550}
  m_ConnectedBody: {fileID: 54000012627503826}
  m_Anchor: {x: 0, y: 1, z: 0}
  m_Axis: {x: 1, y: 0, z: 0}
  m_AutoConfigureConnectedAnchor: 1
  m_ConnectedAnchor: {x: 0, y: 1.9800003, z: 0}
  serializedVersion: 2
  m_SecondaryAxis: {x: 0, y: 1, z: 0}
  m_XMotion: 2
  m_YMotion: 2
  m_ZMotion: 2
  m_AngularXMotion: 0
  m_AngularYMotion: 0
  m_AngularZMotion: 0
  m_LinearLimitSpring:
    spring: 0
    damper: 0
  m_LinearLimit:
    limit: 0
    bounciness: 0
    contactDistance: 0
  m_AngularXLimitSpring:
    spring: 0
    damper: 0
  m_LowAngularXLimit:
    limit: 0
    bounciness: 0
    contactDistance: 0
  m_HighAngularXLimit:
    limit: 0
    bounciness: 0
    contactDistance: 0
  m_AngularYZLimitSpring:
    spring: 0
    damper: 0
  m_AngularYLimit:
    limit: 0
    bounciness: 0
    contactDistance: 0
  m_AngularZLimit:
    limit: 0
    bounciness: 0
    contactDistance: 0
  m_TargetPosition: {x: 0, y: 0, z: 0}
  m_TargetVelocity: {x: 0, y: 0, z: 0}
  m_XDrive:
    serializedVersion: 3
    positionSpring: 30
    positionDamper: 0.1
    maximumForce: 3.4028233e+38
  m_YDrive:
    serializedVersion: 3
    positionSpring: 30
    positionDamper: 0.1
    maximumForce: 3.4028233e+38
  m_ZDrive:
    serializedVersion: 3
    positionSpring: 30
    positionDamper: 0.1
    maximumForce: 3.4028233e+38
  m_TargetRotation: {x: 0, y: 0, z: 0, w: 1}
  m_TargetAngularVelocity: {x: 0, y: 0, z: 0}
  m_RotationDriveMode: 0
  m_AngularXDrive:
    serializedVersion: 3
    positionSpring: 0
    positionDamper: 0
    maximumForce: 3.4028233e+38
  m_AngularYZDrive:
    serializedVersion: 3
    positionSpring: 0
    positionDamper: 0
    maximumForce: 3.4028233e+38
  m_SlerpDrive:
    serializedVersion: 3
    positionSpring: 0
    positionDamper: 0
    maximumForce: 3.4028233e+38
  m_ProjectionMode: 0
  m_ProjectionDistance: 0.1
  m_ProjectionAngle: 180
  m_ConfiguredInWorldSpace: 0
  m_SwapBodies: 0
  m_BreakForce: Infinity
  m_BreakTorque: Infinity
  m_EnableCollision: 0
  m_EnablePreprocessing: 1
